@book{harris2015digital,
  author    = {David Harris and Sarah Harris},
  title     = {Digital Design and Computer Architecture},
  year      = {2015},
  publisher = {Morgan Kaufmann},
  edition   = {2},
  url       = {https://www.elsevier.com/books/digital-design-and-computer-architecture/harris/978-0-12-800056-4}
}

@online{meier_armv4,
	author    = {Russ Meier and David Money Harris},
	title     = {ARMv4 ISA Instructions},
	year      = {s.f.},
	url       = {https://faculty-web.msoe.edu/meier/ce1921/slidesets/isaarm-instructions.pdf},
	note      = {Milwaukee School of Engineering}
}

@book{stallings2013computer,
	title={Computer Organization and Architecture: Designing for Performance},
	author={Stallings, William},
	year={2013},
	publisher={Pearson Education},
	edition={9th},
	isbn={978-0132936330}
}

@book{furber2000arm,
	title={ARM System-on-Chip Architecture},
	author={Furber, Steve},
	year={2000},
	publisher={Addison-Wesley},
	edition={2nd},
	isbn={978-0201675191}
}
